@inproceedings{qassim2018compressed,
  title={Compressed residual-VGG16 CNN model for big data places image recognition},
  author={Qassim, Hussam and Verma, Abhishek and Feinzimer, David},
  booktitle={2018 IEEE 8th Annual Computing and Communication Workshop and Conference (CCWC)},
  pages={169--175},
  year={2018},
  organization={IEEE}
}

@inproceedings{liu2017weld,
  title={Weld defect images classification with vgg16-based neural network},
  author={Liu, Bin and Zhang, Xiaoyun and Gao, Zhiyong and Chen, Li},
  booktitle={International Forum on Digital TV and Wireless Multimedia Communications},
  pages={215--223},
  year={2017},
  organization={Springer}
}

@incollection{rezende2018malicious,
  title={Malicious software classification using VGG16 deep neural networkâ€™s bottleneck features},
  author={Rezende, Edmar and Ruppert, Guilherme and Carvalho, Tiago and Theophilo, Antonio and Ramos, Fabio and Geus, Paulo de},
  booktitle={Information Technology-New Generations},
  pages={51--59},
  year={2018},
  publisher={Springer}
}

@article{zhao2018synthetic,
  title={Synthetic medical images using F\&BGAN for improved lung nodules classification by multi-scale VGG16},
  author={Zhao, Defang and Zhu, Dandan and Lu, Jianwei and Luo, Ye and Zhang, Guokai},
  journal={Symmetry},
  volume={10},
  number={10},
  pages={519},
  year={2018},
  publisher={Multidisciplinary Digital Publishing Institute}
}

@inproceedings{arsa2019vgg16,
  title={VGG16 in batik classification based on random forest},
  author={Arsa, Dewa Made Sri and Susila, Anak Agung Ngurah Hary},
  booktitle={2019 International Conference on Information Management and Technology (ICIMTech)},
  volume={1},
  pages={295--299},
  year={2019},
  organization={IEEE}
}

@article{hridayami2019fish,
  title={Fish species recognition using VGG16 deep convolutional neural network},
  author={Hridayami, Praba and Putra, I Ketut Gede Darma and Wibawa, Kadek Suar},
  journal={Journal of Computing Science and Engineering},
  volume={13},
  number={3},
  pages={124--130},
  year={2019}
}

@article{liu2019improved,
  title={Improved kiwifruit detection using pre-trained VGG16 with RGB and NIR information fusion},
  author={Liu, Zhihao and Wu, Jingzhu and Fu, Longsheng and Majeed, Yaqoob and Feng, Yali and Li, Rui and Cui, Yongjie},
  journal={IEEE Access},
  volume={8},
  pages={2327--2336},
  year={2019},
  publisher={IEEE}
}

@article{krishnaswamy2020disease,
  title={Disease classification in eggplant using pre-trained VGG16 and MSVM},
  author={Krishnaswamy Rangarajan, Aravind and Purushothaman, Raja},
  journal={Scientific reports},
  volume={10},
  number={1},
  pages={1--11},
  year={2020},
  publisher={Nature Publishing Group}
}

@article{theckedath2020detecting,
  title={Detecting affect states using VGG16, ResNet50 and SE-ResNet50 networks},
  author={Theckedath, Dhananjay and Sedamkar, RR},
  journal={SN Computer Science},
  volume={1},
  number={2},
  pages={1--7},
  year={2020},
  publisher={Springer}
}

@article{yang2021novel,
  title={A novel method for peanut variety identification and classification by Improved VGG16},
  author={Yang, Haoyan and Ni, Jiangong and Gao, Jiyue and Han, Zhongzhi and Luan, Tao},
  journal={Scientific Reports},
  volume={11},
  number={1},
  pages={1--17},
  year={2021},
  publisher={Nature Publishing Group}
}

@article{targ2016resnet,
  title={Resnet in resnet: Generalizing residual architectures},
  author={Targ, Sasha and Almeida, Diogo and Lyman, Kevin},
  journal={arXiv preprint arXiv:1603.08029},
  year={2016}
}

@article{li2016demystifying,
  title={Demystifying resnet},
  author={Li, Sihan and Jiao, Jiantao and Han, Yanjun and Weissman, Tsachy},
  journal={arXiv preprint arXiv:1611.01186},
  year={2016}
}

@inproceedings{szegedy2017inception,
  title={Inception-v4, inception-resnet and the impact of residual connections on learning},
  author={Szegedy, Christian and Ioffe, Sergey and Vanhoucke, Vincent and Alemi, Alexander A},
  booktitle={Thirty-first AAAI conference on artificial intelligence},
  year={2017}
}

@inproceedings{chen2017resnet,
  title={ResNet and Model Fusion for Automatic Spoofing Detection.},
  author={Chen, Zhuxin and Xie, Zhifeng and Zhang, Weibin and Xu, Xiangmin},
  booktitle={Interspeech},
  pages={102--106},
  year={2017}
}

@article{akiba2017extremely,
  title={Extremely large minibatch sgd: Training resnet-50 on imagenet in 15 minutes},
  author={Akiba, Takuya and Suzuki, Shuji and Fukuda, Keisuke},
  journal={arXiv preprint arXiv:1711.04325},
  year={2017}
}

@article{lin2018resnet,
  title={Resnet with one-neuron hidden layers is a universal approximator},
  author={Lin, Hongzhou and Jegelka, Stefanie},
  journal={Advances in neural information processing systems},
  volume={31},
  year={2018}
}

@article{allen2019can,
  title={What can resnet learn efficiently, going beyond kernels?},
  author={Allen-Zhu, Zeyuan and Li, Yuanzhi},
  journal={Advances in Neural Information Processing Systems},
  volume={32},
  year={2019}
}

@article{farooq2020covid,
  title={Covid-resnet: A deep learning framework for screening of covid19 from radiographs},
  author={Farooq, Muhammad and Hafeez, Abdul},
  journal={arXiv preprint arXiv:2003.14395},
  year={2020}
}

@inproceedings{kone2018hierarchical,
  title={Hierarchical ResNeXt models for breast cancer histology image classification},
  author={Kon{\'e}, Isma{\"e}l and Boulmane, Lahsen},
  booktitle={International Conference Image Analysis and Recognition},
  pages={796--803},
  year={2018},
  organization={Springer}
}

@inproceedings{sharma2018spatial,
  title={Spatial image steganalysis based on resnext},
  author={Sharma, Akash and Muttoo, Sunil Kumar},
  booktitle={2018 IEEE 18th International Conference on Communication Technology (ICCT)},
  pages={1213--1216},
  year={2018},
  organization={IEEE}
}

@article{orhan2019robustness,
  title={Robustness properties of Facebook's ResNeXt WSL models},
  author={Orhan, A Emin},
  journal={arXiv preprint arXiv:1907.07640},
  year={2019}
}

@article{pant2020resnext,
  title={ResNeXt convolution neural network topology-based deep learning model for identification and classification of Pediastrum},
  author={Pant, Gaurav and Yadav, DP and Gaur, Ashish},
  journal={Algal Research},
  volume={48},
  pages={101932},
  year={2020},
  publisher={Elsevier}
}

@article{zisserman1989information,
  title={The information available to a moving observer from specularities},
  author={Zisserman, Andrew and Giblin, Peter and Blake, Andrew},
  journal={Image and vision computing},
  volume={7},
  number={1},
  pages={38--42},
  year={1989},
  publisher={Elsevier}
}

@article{forsyth1991invariant,
  title={Invariant descriptors for 3 d object recognition and pose},
  author={Forsyth, David and Mundy, Joseph L and Zisserman, Andrew and Coelho, Chris and Heller, Aaron and Rothwell, Charlie},
  journal={IEEE Transactions on Pattern Analysis and Machine Intelligence},
  volume={13},
  number={10},
  pages={971--991},
  year={1991}
}

@article{simonyan2014very,
  title={Very deep convolutional networks for large-scale image recognition},
  author={Simonyan, Karen and Zisserman, Andrew},
  journal={arXiv preprint arXiv:1409.1556},
  year={2014}
}

@inproceedings{xiao2020application,
  title={Application of a novel and improved VGG-19 network in the detection of workers wearing masks},
  author={Xiao, Jian and Wang, Jia and Cao, Shaozhong and Li, Bilong},
  booktitle={Journal of Physics: Conference Series},
  volume={1518},
  number={1},
  pages={012041},
  year={2020},
  organization={IOP Publishing}
}

@article{fitzpatrick1996functional,
  title={The functional organization of local circuits in visual cortex: insights from the study of tree shrew striate cortex},
  author={Fitzpatrick, David},
  journal={Cerebral cortex},
  volume={6},
  number={3},
  pages={329--341},
  year={1996},
  publisher={Oxford University Press}
}

@article{thomson2010neocortical,
  title={Neocortical layer 6, a review},
  author={Thomson, Alex M},
  journal={Frontiers in neuroanatomy},
  volume={4},
  pages={13},
  year={2010},
  publisher={Frontiers}
}

@article{proulx2014nicotinic,
  title={Nicotinic acetylcholine receptors in attention circuitry: the role of layer VI neurons of prefrontal cortex},
  author={Proulx, Eliane and Piva, Matthew and Tian, Michael K and Bailey, Craig DC and Lambe, Evelyn K},
  journal={Cellular and Molecular Life Sciences},
  volume={71},
  number={7},
  pages={1225--1244},
  year={2014},
  publisher={Springer}
}

@article{srivastava2015highway,
  title={Highway networks},
  author={Srivastava, Rupesh Kumar and Greff, Klaus and Schmidhuber, J{\"u}rgen},
  journal={arXiv preprint arXiv:1505.00387},
  year={2015}
}

@inproceedings{he2016deep,
  title={Deep residual learning for image recognition},
  author={He, Kaiming and Zhang, Xiangyu and Ren, Shaoqing and Sun, Jian},
  booktitle={Proceedings of the IEEE conference on computer vision and pattern recognition},
  pages={770--778},
  year={2016}
}

@misc{web:resNeXtGitHub,
  title = {ResNeXt code},
  author = {Xie, Saining and Girshick, Ross and Doll{\'a}r, Piotr and Tu, Zhuowen and He, Kaiming},
  year = {2020},
  note = {Last accessed 14 March 2022},
  url = {https://github.com/facebookresearch/ResNeXt}
}

@inproceedings{xie2017aggregated,
  title={Aggregated residual transformations for deep neural networks},
  author={Xie, Saining and Girshick, Ross and Doll{\'a}r, Piotr and Tu, Zhuowen and He, Kaiming},
  booktitle={Proceedings of the IEEE conference on computer vision and pattern recognition},
  pages={1492--1500},
  year={2017}
}

@article{bozinovski2020reminder,
  title={Reminder of the first paper on transfer learning in neural networks, 1976},
  author={Bozinovski, Stevo},
  journal={Informatica},
  volume={44},
  number={3},
  year={2020}
}

@article{pratt1992discriminability,
  title={Discriminability-based transfer between neural networks},
  author={Pratt, Lorien Y},
  journal={Advances in neural information processing systems},
  volume={5},
  year={1992}
}

@incollection{thrun1998learning,
  title={Learning to learn: Introduction and overview},
  author={Thrun, Sebastian and Pratt, Lorien},
  booktitle={Learning to learn},
  pages={3--17},
  year={1998},
  publisher={Springer}
}

@article{ng2016nuts,
  title={Nuts and bolts of building AI applications using Deep Learning},
  author={Ng, Andrew},
  journal={NIPS Keynote Talk},
  year={2016}
}

@article{mcculloch1943logical,
  title={A logical calculus of the ideas immanent in nervous activity},
  author={McCulloch, Warren S and Pitts, Walter},
  journal={The bulletin of mathematical biophysics},
  volume={5},
  number={4},
  pages={115--133},
  year={1943},
  publisher={Springer}
}

@article{hebb1940human,
  title={Human behavior after extensive bilateral removal from the frontal lobes},
  author={Hebb, Donald Olding and Penfield, Wilder},
  journal={Archives of Neurology \& Psychiatry},
  volume={44},
  number={2},
  pages={421--438},
  year={1940},
  publisher={American Medical Association}
}

@article{werbos1975experimental,
  title={Experimental implications of the reinterpretation of quantum mechanics},
  author={Werbos, PJ},
  journal={Il Nuovo Cimento B (1971-1996)},
  volume={29},
  number={1},
  pages={169--177},
  year={1975},
  publisher={Springer}
}

@article{rumelhart1986general,
  title={A general framework for parallel distributed processing},
  author={Rumelhart, David E and Hinton, Geoffrey E and McClelland, James L and others},
  journal={Parallel distributed processing: Explorations in the microstructure of cognition},
  volume={1},
  number={45-76},
  pages={26},
  year={1986},
  publisher={Cambridge, MA: MIT Press}
}

@article{schmidhuber1992learning,
  title={Learning complex, extended sequences using the principle of history compression},
  author={Schmidhuber, J{\"u}rgen},
  journal={Neural Computation},
  volume={4},
  number={2},
  pages={234--242},
  year={1992},
  publisher={MIT Press}
}

@article{hinton2006reducing,
  title={Reducing the dimensionality of data with neural networks},
  author={Hinton, Geoffrey E and Salakhutdinov, Ruslan R},
  journal={science},
  volume={313},
  number={5786},
  pages={504--507},
  year={2006},
  publisher={American Association for the Advancement of Science}
}

@article{hubel1959receptive,
  title={Receptive fields of single neurones in the cat's striate cortex},
  author={Hubel, David H and Wiesel, Torsten N},
  journal={The Journal of physiology},
  volume={148},
  number={3},
  pages={574},
  year={1959},
  publisher={Wiley-Blackwell}
}

@incollection{fukushima1982neocognitron,
  title={Neocognitron: A self-organizing neural network model for a mechanism of visual pattern recognition},
  author={Fukushima, Kunihiko and Miyake, Sei},
  booktitle={Competition and cooperation in neural nets},
  pages={267--285},
  year={1982},
  publisher={Springer}
}

@article{lecun1989backpropagation,
  title={Backpropagation applied to handwritten zip code recognition},
  author={LeCun, Yann and Boser, Bernhard and Denker, John S and Henderson, Donnie and Howard, Richard E and Hubbard, Wayne and Jackel, Lawrence D},
  journal={Neural computation},
  volume={1},
  number={4},
  pages={541--551},
  year={1989},
  publisher={MIT Press}
}

@article{oh2004gpu,
  title={GPU implementation of neural networks},
  author={Oh, Kyoung-Su and Jung, Keechul},
  journal={Pattern Recognition},
  volume={37},
  number={6},
  pages={1311--1314},
  year={2004},
  publisher={Elsevier}
}

@inproceedings{tappert2019father,
  title={Who is the father of deep learning?},
  author={Tappert, Charles C},
  booktitle={2019 International Conference on Computational Science and Computational Intelligence (CSCI)},
  pages={343--348},
  year={2019},
  organization={IEEE}
}

@techreport{rosenblatt1961principles,
  title={Principles of neurodynamics. perceptrons and the theory of brain mechanisms},
  author={Rosenblatt, Frank},
  year={1961},
  institution={Cornell Aeronautical Lab Inc Buffalo NY}
}

@book{ivakhnenko1967cybernetics,
  title={Cybernetics and forecasting techniques},
  author={Ivakhnenko, A. G.},
  volume={8},
  year={1967},
  publisher={American Elsevier Publishing Company}
}

@incollection{dechter1988network,
  title={Network-based heuristics for constraint-satisfaction problems},
  author={Dechter, Rina and Pearl, Judea},
  booktitle={Search in artificial intelligence},
  pages={370--425},
  year={1988},
  publisher={Springer}
}

@misc{huber1967proceedings,
  title={Proceedings of the fifth Berkeley symposium on mathematical statistics and probability},
  author={Huber, Peter J and Le Cam, Lucien Marie and Neyman, Jerzy},
  year={1967},
  publisher={University of California Press, Berkeley, CA}
}

@article{lloyd1982least,
  title={Least squares quantization in PCM},
  author={Lloyd, Stuart},
  journal={IEEE transactions on information theory},
  volume={28},
  number={2},
  pages={129--137},
  year={1982},
  publisher={IEEE}
}

@misc{web:licenseInfo,
  title = {CC licence information},
  author = {Creative Commons},
  year = {},
  note = {Last accessed 19 March 2022},
  url = {https://creativecommons.org/licenses/by/4.0/legalcode}
}

@dataset{kather_2016_53169,
  author       = {Kather, Jakob Nikolas and
                  ZÃ¶llner, Frank Gerrit and
                  Bianconi, Francesco and
                  Melchers, Susanne M and
                  Schad, Lothar R and
                  Gaiser, Timo and
                  Marx, Alexander and
                  Weis, Cleo-Aron},
  title = {{Collection of textures in colorectal cancer 
                   histology}},
  month = may,
  year = 2016,
  publisher = {Zenodo},
  doi = {10.5281/zenodo.53169},
  url = {https://doi.org/10.5281/zenodo.53169}
}

@misc{web:testingDL,
  title = {How to Calculate Precision, Recall, F1, and More for Deep Learning Models},
  author = {Jason Brownlee},
  year = {2019},
  note = {Last accessed 19 March 2022},
  url = {https://machinelearningmastery.com/how-to-calculate-precision-recall-f1-and-more-for-deep-learning-models/}
}

@misc{web:DeTraCOriginalCode,
  title = {DeTraC COVId19},
  author = {Asmaa, Abbas},
  year = {2020},
  note = {Last accessed 20 March 2022},
  url = {https://github.com/asmaa4may/DeTraC_COVId19}
}

@article{DeTraCPapaer,
  author={Abbas, Asmaa and Abdelsamea, Mohammed M. and Gaber, Mohamed Medhat},
  journal={IEEE Access}, 
  title={DeTrac: Transfer Learning of Class Decomposed Medical Images in Convolutional Neural Networks}, 
  year={2020},
  volume={8},
  number={},
  pages={74901-74913},
  doi={10.1109/ACCESS.2020.2989273}
  }

@article{refaeilzadeh2009cross,
  title={Cross-validation.},
  author={Refaeilzadeh, Payam and Tang, Lei and Liu, Huan},
  journal={Encyclopedia of database systems},
  volume={5},
  pages={532--538},
  year={2009},
  publisher={Springer}
}

@misc{web:IntroductionToCrossValidation,
  title = {A Gentle Introduction to k-fold Cross-Validation},
  author = {Jason Brownlee},
  year = {2018},
  note = {Last accessed 15 April 2022},
  url = {https://machinelearningmastery.com/k-fold-cross-validation/}
}

@misc{web:ModelSelectionKFold,
  title = {Model selection KFold},
  author = {SkLearn},
  year = {},
  note = {Last accessed 15 April 2022},
  url = {https://scikit-learn.org/stable/modules/generated/sklearn.model_selection.KFold.html}
}

@misc{web:PrecisionAndRecallInPython,
  title = {Precision and Recall in Python},
  author = {AskPython},
  year = {},
  note = {Last accessed 16 April 2022},
  url = {https://www.askpython.com/python/examples/precision-and-recall-in-python}
}

@article{visa2011confusion,
  title={Confusion matrix-based feature selection.},
  author={Visa, Sofia and Ramsay, Brian and Ralescu, Anca L and Van Der Knaap, Esther},
  journal={MAICS},
  volume={710},
  pages={120--127},
  year={2011}
}

@inproceedings{davis2006relationship,
  title={The relationship between Precision-Recall and ROC curves},
  author={Davis, Jesse and Goadrich, Mark},
  booktitle={Proceedings of the 23rd international conference on Machine learning},
  pages={233--240},
  year={2006}
}

@inproceedings{lipton2014optimal,
  title={Optimal thresholding of classifiers to maximize F1 measure},
  author={Lipton, Zachary C and Elkan, Charles and Naryanaswamy, Balakrishnan},
  booktitle={Joint European Conference on Machine Learning and Knowledge Discovery in Databases},
  pages={225--239},
  year={2014},
  organization={Springer}
}

@misc{web:ConfusionMatrix,
  title = {Confusion matrix},
  author = {SkLearn},
  year = {},
  note = {Last accessed 16 April 2022},
  url = {https://scikit-learn.org/stable/modules/generated/sklearn.metrics.confusion_matrix.html}
}

@misc{web:PrecisionScore,
  title = {Precision score},
  author = {SkLearn},
  year = {},
  note = {Last accessed 16 April 2022},
  url = {https://scikit-learn.org/stable/modules/generated/sklearn.metrics.precision_score.html}
}

@misc{web:PrecisionRecallFscoreSupport,
  title = {Precision recall fscore support},
  author = {SkLearn},
  year = {},
  note = {Last accessed 16 April 2022},
  url = {https://scikit-learn.org/stable/modules/generated/sklearn.metrics.precision_recall_fscore_support.html}
}

@misc{web:RecallScore,
  title = {Recall score},
  author = {SkLearn},
  year = {},
  note = {Last accessed 16 April 2022},
  url = {https://scikit-learn.org/stable/modules/generated/sklearn.metrics.recall_score.html}
}

@misc{web:F1Score,
  title = {F1 score},
  author = {SkLearn},
  year = {},
  note = {Last accessed 16 April 2022},
  url = {https://scikit-learn.org/stable/modules/generated/sklearn.metrics.f1_score.html}
}

@misc{web:NvidiaCuda,
  title = {Nvidia Cuda technology},
  author = {Nvidia},
  year = {},
  note = {Last accessed 16 April 2022},
  url = {https://www.nvidia.com/en-gb/geforce/technologies/cuda/}
}

@misc{web:ConfusionMatrixMulticlassfification,
  title = {Confusion Matrix for Your Multi-Class Machine Learning Model},
  author = {Joydwip Mohajon},
  year = {2020},
  note = {Last accessed 23 April 2022},
  url = {https://towardsdatascience.com/confusion-matrix-for-your-multi-class-machine-learning-model-ff9aa3bf7826}
}

@article{bloice2017augmentor,
  title={Augmentor: an image augmentation library for machine learning},
  author={Bloice, Marcus D and Stocker, Christof and Holzinger, Andreas},
  journal={arXiv preprint arXiv:1708.04680},
  year={2017}
}

@article{spinellis2012git,
  title={Git},
  author={Spinellis, Diomidis},
  journal={IEEE software},
  volume={29},
  number={3},
  pages={100--101},
  year={2012},
  publisher={IEEE}
}

@misc{web:AboutGit,
  title = {About git},
  author = {Git organisation},
  year = {},
  note = {Last accessed 23 April 2022},
  url = {https://git-scm.com/about/free-and-open-source}
}

@misc{web:DeTraCGitHub,
  title = {DeTraC GitHub source code},
  author = {asmaa4may},
  year = {},
  note = {Last accessed 23 April 2022},
  url = {https://github.com/asmaa4may/DeTraC_COVId19}
}

@inproceedings{poth2018deliver,
  title={How to deliver faster with CI/CD integrated testing services?},
  author={Poth, Alexander and Werner, Mark and Lei, Xinyan},
  booktitle={European Conference on Software Process Improvement},
  pages={401--409},
  year={2018},
  organization={Springer}
}

@incollection{alla2021mlops,
  title={What is mlops?},
  author={Alla, Sridhar and Adari, Suman Kalyan},
  booktitle={Beginning MLOps with MLFlow},
  pages={79--124},
  year={2021},
  publisher={Springer}
}

@misc{web:AboutWSL,
  title = {About WSL},
  author = {Microsoft},
  year = {2021},
  note = {Last accessed 23 April 2022},
  url = {https://docs.microsoft.com/en-us/windows/wsl/about}
}